%
%  An example of a bibliographical database in BibTeX format,
%  which is used by biblatex to create the list of referenced works.
%
%  Academic search engines and software for maintenance of bibliography
%  often supports exporting records in BibTeX format. We recommend:
%
%    - Google Scholar (https://scholar.google.com/)
%    - JabRef (https://www.jabref.org/)
%    - zoterobib (https://zbib.org/)
%
%  BEWARE:
%
%    *  If a name contains a capital letter, which must be kept such,
%       use curly brackets ({T}hailand, {HIV}).
%
%  ===========================================================================

@book{Andel07,
  title     = {Základy matematické statistiky},
  publisher = {Matfyzpress},
  year      = {2007},
  author    = {Anděl, J.},
  address   = {Praha},
  series    = {Druhé opravené vydání},
  isbn      = {80-7378-001-1}
}

@book{Andel98,
  title     = {Statistické metody},
  publisher = {Matfyzpress},
  year      = {1998},
  author    = {Anděl, J.},
  address   = {Praha},
  series    = {Druhé přepracované vydání},
  isbn      = {80-85863-27-8}
}

@article{Cox72,
  author  = {Cox, D. R.},
  title   = {Regression models and life-tables (with {D}iscussion)},
  journal = {Journal of the Royal Statistical Society, Series B},
  year    = {1972},
  volume  = {34},
  pages   = {187--220},
  number  = {2}
}

@article{DempsterLairdRubin77,
  author  = {Dempster, A. P. and Laird, N. M. and Rubin, D. B.},
  title   = {Maximum likelihood from incomplete data via the {EM} algorithm},
  journal = {Journal of the Royal Statistical Society, Series B},
  year    = {1977},
  volume  = {39},
  pages   = {1--38},
  number  = {1}
}

@article{Genberget08,
  author  = {Genberg, B. L. and Kulich, M. and Kawichai, S. and Modiba, P. and
             Chingono, A. and Kilonzo, G. P. and Richter, L. and Pettifor, A.
             and Sweat, M. and Celentano, D. D.},
  title   = {{HIV} risk behaviors in Sub-{S}aharan {A}frica and {N}orthern {T}hailand:
             {B}aseline behavioral data from project {A}ccept},
  journal = {Journal of Acquired Immune Deficiency Syndrome},
  year    = {2008},
  volume  = {49},
  pages   = {309--319}
}

@article{KaplanMeier58,
  author  = {Kaplan, E. L. and Meier, P.},
  title   = {Nonparametric estimation from incomplete observations},
  journal = {Journal of the American Statistical Association},
  year    = {1958},
  volume  = {53},
  pages   = {457--481},
  number  = {282}
}

@book{LehmannCasella98,
  title     = {Theory of Point Estimation},
  publisher = {Springer-Verlag},
  year      = {1998},
  author    = {Lehmann, E. L. and Casella, G.},
  address   = {New York},
  series    = {{S}econd {E}dition},
  isbn      = {0-387-98502-6}
}

@article{Student08,
  author  = {Student},
  title   = {On the probable error of the mean},
  journal = {Biometrika},
  year    = {1908},
  volume  = {6},
  pages   = {1-25}
}

@article{PvZWiki,
  title   = {Plants vs. Zombies (video game)},
  journal = {Wikipedia},
  url     = {https://en.wikipedia.org/wiki/Plants_vs._Zombies_(video_game)},
  urldate = {2023-03-24}
}

@article{RogueWiki,
  title   = {Rogue (video game)},
  journal = {Wikipedia},
  url     = {https://en.wikipedia.org/wiki/Rogue_(video_game)},
  urldate = {2023-03-24}
}

@article{StSWiki,
  title   = {Slay the Spire},
  journal = {Wikipedia},
  url     = {https://en.wikipedia.org/wiki/Slay_the_Spire},
  urldate = {2023-03-24}
}

@article{TDWiki,
  title   = {Tower defense},
  journal = {Wikipedia},
  url     = {https://en.wikipedia.org/wiki/Tower_defense},
  urldate = {2023-04-05}
}

@article{RoguelikeWiki,
  title   = {Roguelike},
  journal = {Wikipedia},
  url     = {https://en.wikipedia.org/wiki/Roguelike},
  urldate = {2023-04-05}
}

@manual{UnityDocs,
  author  = {{Unity Technologies}},
  title   = {Unity Documentation},
  url     = {https://docs.unity.com},
  urldate = {2023-04-07}
}

@manual{UnityRandom,
  author  = {{Unity Technologies}},
  title   = {Unity - Scripting API: Random},
  url     = {https://docs.unity3d.com/ScriptReference/Random.html},
  urldate = {2023-04-07}
}

@manual{SystemRandom,
  author  = {{Microsoft}},
  title   = {Random Class (System) - Microsoft learn},
  url     = {https://learn.microsoft.com/en-us/dotnet/api/system.random},
  urldate = {2023-04-07}
}

@misc{SystemRandomSource,
  author  = {{Microsoft}},
  title   = {Random.Xoshiro256StarStarImpl.cs},
  url     = {https://github.com/dotnet/runtime/blob/5ec100a94d16e2e1529468a436ef17b40cab911c/src/libraries/System.Private.CoreLib/src/System/Random.Xoshiro256StarStarImpl.cs},
  urldate = {2023-04-07}
}

@article{LCGTables,
  author  = {Pierre l'Ecuyer},
  journal = {Mathematics of Computation},
  number  = {225},
  title   = {Tables of Linear Congruential Generators of Different Sizes and Good Lattice Structure},
  volume  = {68},
  year    = {1999},
  month   = {1}
}